% This file was created with JabRef 2.9.2.
% Encoding: Cp1252

@ARTICLE{Bohringer2006,
  author = {Christoph B\"{o}hringer and Tim Hoffmann and Casiano Manrique-de-Lara-Pe\~{n}ate},
  title = {The efficiency costs of separating carbon markets under the \{EU\}
	emissions trading scheme: A quantitative assessment for Germany },
  journal = {Energy Economics },
  year = {2006},
  volume = {28},
  pages = {44 - 61},
  number = {1},
  doi = {http://dx.doi.org/10.1016/j.eneco.2005.09.001},
  issn = {0140-9883},
  keywords = {Emissions trading},
  url = {http://www.sciencedirect.com/science/article/pii/S0140988305000824}
}

@ARTICLE{Bohringer2011,
  author = {B\"{o}hringer, Christoph and Rosendahl, Knut Einar},
  title = {Greening Electricity More Than Necessary: On the Cost Implications
	of Overlapping Regulation in EU Climate Policy},
  journal = {Schmollers Jahrbuch},
  year = {2011},
  volume = {131},
  pages = {469--492},
  number = {3},
  month = sep,
  booktitle = {Schmollers Jahrbuch},
  comment = {doi: 10.3790/schm.131.3.469},
  doi = {10.3790/schm.131.3.469},
  issn = {1439-121X},
  publisher = {Duncker \& Humblot},
  url = {http://dx.doi.org/10.3790/schm.131.3.469}
}

@ARTICLE{Bernard2009,
  author = {Alain Bernard and Marc Vielle},
  title = {Assessment of European Union transition scenarios with a special
	focus on the issue of carbon leakage },
  journal = {Energy Economics },
  year = {2009},
  volume = {31, Supplement 2},
  pages = {S274 - S284},
  number = {0},
  note = {International, U.S. and E.U. Climate Change Control Scenarios: Results
	from \{EMF\} 22 },
  doi = {http://dx.doi.org/10.1016/j.eneco.2009.08.013},
  issn = {0140-9883},
  keywords = {Climate change policy},
  url = {http://www.sciencedirect.com/science/article/pii/S0140988309001455}
}

@ARTICLE{Bohringer2002,
  author = {Christoph Bohringer and Tim Hoffmann and Stefan Vogele},
  title = {The cost of phasing out nuclear power:: a quantitative assessment
	of alternative scenarios for Germany },
  journal = {Energy Economics },
  year = {2002},
  volume = {24},
  pages = {469 - 490},
  number = {5},
  doi = {http://dx.doi.org/10.1016/S0140-9883(02)00005-1},
  issn = {0140-9883},
  keywords = {Nuclear phase-out},
  url = {http://www.sciencedirect.com/science/article/pii/S0140988302000051}
}

@ARTICLE{Bohringer2009,
  author = {Christoph Bohringer and Andreas Loschel and Ulf Moslener and Thomas
	F. Rutherford},
  title = {\{EU\} climate policy up to 2020: An economic impact assessment },
  journal = {Energy Economics },
  year = {2009},
  volume = {31, Supplement 2},
  pages = {S295 - S305},
  number = {0},
  note = {International, U.S. and E.U. Climate Change Control Scenarios: Results
	from \{EMF\} 22 },
  doi = {http://dx.doi.org/10.1016/j.eneco.2009.09.009},
  issn = {0140-9883},
  keywords = {Climate policy},
  url = {http://www.sciencedirect.com/science/article/pii/S0140988309001650}
}

@ARTICLE{Bohringer2009S268,
  author = {Christoph Bohringer and Thomas F. Rutherford and Richard S.J. Tol},
  title = {\{THE\} \{EU\} 20/20/2020 targets: An overview of the \{EMF22\} assessment
	},
  journal = {Energy Economics },
  year = {2009},
  volume = {31, Supplement 2},
  pages = {S268 - S273},
  number = {0},
  note = {International, U.S. and E.U. Climate Change Control Scenarios: Results
	from \{EMF\} 22 },
  doi = {http://dx.doi.org/10.1016/j.eneco.2009.10.010},
  issn = {0140-9883},
  keywords = {Climate policy},
  url = {http://www.sciencedirect.com/science/article/pii/S0140988309001935}
}

@TECHREPORT{Bretschger2012,
  author = {Lucas Bretschger and Roger Ramer and Lin Zhang},
  title = {Economic effects of a nuclear phase-out policy: A CGE analysis},
  institution = {ETH Zurich},
  year = {2012},
  owner = {sara0066},
  timestamp = {2014.02.24}
}

@TECHREPORT{Commission2014,
  author = {European Commission},
  title = {A policy framework for climate and energy in the period from 2020
	to 2030},
  institution = {European Commission},
  year = {2014},
  owner = {sara0066},
  timestamp = {2014.02.20}
}

@TECHREPORT{Climate2007,
  author = {Swedish Commission},
  title = {Sweden facing climate change - threats and opportunities},
  institution = {Swedish Commission on Climate and Vulnerability},
  year = {2007},
  owner = {sara0066},
  timestamp = {2014.02.28}
}

@ARTICLE{Davis2012,
  author = {Lucas W. Davis},
  title = {Prospects for Nuclear Power},
  journal = {Journal of Economic Perspectives},
  year = {2012},
  volume = {26},
  pages = {49 - 66},
  owner = {sara0066},
  timestamp = {2014.02.27}
}

@ARTICLE{Dowling2013406,
  author = {Paul Dowling},
  title = {The impact of climate change on the European energy system },
  journal = {Energy Policy },
  year = {2013},
  volume = {60},
  pages = {406 - 417},
  number = {0},
  doi = {http://dx.doi.org/10.1016/j.enpol.2013.05.093},
  issn = {0301-4215},
  keywords = {Climate change impacts},
  url = {http://www.sciencedirect.com/science/article/pii/S0301421513004485}
}

@ARTICLE{Duscha0,
  author = {Duscha, Vicki and Schumacher, Katja and Schleich, Joachim and Buisson,
	Pierre},
  title = {Costs of meeting international climate targets without nuclear power},
  journal = {Climate Policy},
  year = {2013},
  volume = {0},
  pages = {1-26},
  number = {0},
  doi = {10.1080/14693062.2014.852018},
  eprint = {http://www.tandfonline.com/doi/pdf/10.1080/14693062.2014.852018},
  url = {http://www.tandfonline.com/doi/abs/10.1080/14693062.2014.852018}
}

@ARTICLE{Gaudard2014,
  author = {Ludovic Gaudard and Franco Romerio},
  title = {The future of hydropower in Europe: Interconnecting climate, markets
	and policies },
  journal = {Environmental Science \& Policy },
  year = {2014},
  volume = {37},
  pages = {172 - 181},
  number = {0},
  doi = {http://dx.doi.org/10.1016/j.envsci.2013.09.008},
  issn = {1462-9011},
  keywords = {Hydropower},
  url = {http://www.sciencedirect.com/science/article/pii/S1462901113001858}
}

@TECHREPORT{Glomsrod2013,
  author = {Solveig Glomsrod and Wei Taoyuan and Torben Mideksa and Bjorn H.
	Samset},
  title = {Energy Market Impacts of Nuclear Power Phase-Out Policies},
  institution = {Center for International Climate and Environmental Research},
  year = {2013},
  owner = {sara0066},
  timestamp = {2014.02.24}
}

@TECHREPORT{Gonseth2012,
  author = {Camille Gonseth and Marc Vielle},
  title = {Modeling the impacts of climate change on the energy sector: a Swiss
	perspective},
  institution = {Ecole Polytechnique Federale de Lausanne},
  year = {2012},
  owner = {sara0066},
  timestamp = {2014.02.27}
}

@ARTICLE{Hamududu2012,
  author = {Byman Hamududu and Aanund Killingtveit},
  title = {Assessing climate change impacts on global hydropwer},
  journal = {Energies},
  year = {2012},
  volume = {5},
  pages = {305 - 322},
  owner = {sara0066},
  timestamp = {2014.02.27}
}

@ARTICLE{Joskow2012,
  author = {Paul Joskow and John Parsons},
  title = {The future of nuclear power after fukushima},
  journal = {Economics of Energy and Environmental Policy},
  year = {2012},
  volume = {1},
  pages = {99 - 113},
  owner = {sara0066},
  timestamp = {2014.02.27}
}

@ARTICLE{Kretschmer2009,
  author = {Bettina Kretschmer and Daiju Narita and Sonja Peterson},
  title = {The economic effects of the \{EU\} biofuel target },
  journal = {Energy Economics },
  year = {2009},
  volume = {31, Supplement 2},
  pages = {S285 - S294},
  number = {0},
  note = {International, U.S. and E.U. Climate Change Control Scenarios: Results
	from \{EMF\} 22 },
  doi = {http://dx.doi.org/10.1016/j.eneco.2009.07.008},
  issn = {0140-9883},
  keywords = {\{CGE\} model},
  url = {http://www.sciencedirect.com/science/article/pii/S0140988309001339}
}

@ARTICLE{Lehner2005,
  author = {Bernhard Lehner and Gregor Czisch and Sara Vassolo},
  title = {The impact of global change on the hydropower potential of Europe:
	a model-based analysis },
  journal = {Energy Policy },
  year = {2005},
  volume = {33},
  pages = {839 - 855},
  number = {7},
  doi = {http://dx.doi.org/10.1016/j.enpol.2003.10.018},
  issn = {0301-4215},
  keywords = {Hydropower},
  url = {http://www.sciencedirect.com/science/article/pii/S0301421503003112}
}

@ARTICLE{Nestle2012,
  author = {Uwe Nestle},
  title = {Does the use of nuclear power lead to lower electricity prices? An
	analysis of the debate in Germany with an international perspective
	},
  journal = {Energy Policy },
  year = {2012},
  volume = {41},
  pages = {152 - 160},
  number = {0},
  note = {Modeling Transport (Energy) Demand and Policies },
  doi = {http://dx.doi.org/10.1016/j.enpol.2011.09.043},
  issn = {0301-4215},
  keywords = {Nuclear power},
  url = {http://www.sciencedirect.com/science/article/pii/S0301421511007324}
}

@ARTICLE{Renssen2013,
  author = {Sonja van Renssen},
  title = {The nuclear paradox},
  journal = {Nature Climate Change},
  year = {2013},
  volume = {3},
  pages = {779 - 780},
  owner = {sara0066},
  timestamp = {2014.02.27}
}

@TECHREPORT{Sijm2005,
  author = {J.P.M. Sijm and S.J.A. Bakker and Y. chen and H.W. Harmsen and W.
	Lise},
  title = {CO2 price dynamics: The implications of EU emissions trading for
	the price of electricity},
  institution = {Energy Research Centre of the Netherlands},
  year = {2005},
  owner = {sara0066},
  timestamp = {2014.02.26}
}

@ARTICLE{Sternberg2010713,
  author = {R. Sternberg},
  title = {Hydropower's future, the environment, and global electricity systems
	},
  journal = {Renewable and Sustainable Energy Reviews },
  year = {2010},
  volume = {14},
  pages = {713 - 723},
  number = {2},
  doi = {http://dx.doi.org/10.1016/j.rser.2009.08.016},
  issn = {1364-0321},
  keywords = {Hydropower},
  url = {http://www.sciencedirect.com/science/article/pii/S1364032109002160}
}

